@STRING{pub-springer={Springer} }
@STRING{pub-springer:adr="" }
@STRING{s-lncs	= "LNCS" }
﻿@STRING{pub-ieee= "IEEE" }
﻿@STRING{pub-ieee:adr= "IEEE" }
﻿@STRING{pub-acm= "ACM" }
﻿@STRING{j-cacm= "CACM" }
﻿@STRING{proc= "" }
﻿@STRING{pub-elsevier= "Elsevier" }
﻿@STRING{proc= "" }
﻿@STRING{proc= "" }
﻿@STRING{proc= "" }
﻿@STRING{j-tosem= "" }
﻿@STRING{pub-acm:adr= "" }


% $Id: fmde.bib 6539 2010-01-29 10:33:20Z brucker $

@article{Padic_Fields-AFP,
  author =   {Aaron Crighton},
  title =    {p-adic Fields and p-adic Semialgebraic Sets },
  journal =  {Archive of Formal Proofs},
  month =    {September},
  year =     {2022},
  note =     {\url{https://www.isa-afp.org/entries/Padic_Field.html}, Formal proof development}
}

@article{source1,
  author = {Stack project},
  note ={\url{https://stacks.math.columbia.edu/tag/00FM}}
} 
@article{source2,
author = {Vincent Douce} ,
  note ={\url{https://agreg-maths.fr/uploads/versions/1458/preview.pdf}}
}
@article{source3,
author = {Wiedijk’s catalogue ”Formalizing 100 Theorems”},
note={\url{https://www.cs.ru.nl/~freek/100/}, It appears at position 121 ...}
}