@phdthesis{wimmer-phd,
  author       = {Simon Wimmer},
  title        = {Trustworthy Verification of Realtime Systems},
  school       = {Technical University of Munich, Germany},
  year         = {2020},
  url          = {https://nbn-resolving.org/urn:nbn:de:bvb:91-diss-20201209-1576100-1-0},
  urn          = {urn:nbn:de:bvb:91-diss-20201209-1576100-1-0},
  timestamp    = {Mon, 13 Dec 2021 13:21:14 +0100},
  biburl       = {https://dblp.org/rec/phd/dnb/Wimmer20.bib},
  bibsource    = {dblp computer science bibliography, https://dblp.org}
}


@inproceedings{munta-tacas,
  author       = {Simon Wimmer and
                  Peter Lammich},
  title        = {Verified Model Checking of Timed Automata},
  booktitle    = {{TACAS} {(1)}},
  series       = {Lecture Notes in Computer Science},
  volume       = {10805},
  pages        = {61--78},
  publisher    = {Springer},
  year         = {2018}
}

@inproceedings{munta-tool-paper,
  author       = {Simon Wimmer},
  editor       = {{\'{E}}tienne Andr{\'{e}} and
                  Mari{\"{e}}lle Stoelinga},
  title        = {Munta: {A} Verified Model Checker for Timed Automata},
  booktitle    = {Formal Modeling and Analysis of Timed Systems - 17th International
                  Conference, {FORMATS} 2019, Amsterdam, The Netherlands, August 27-29,
                  2019, Proceedings},
  series       = {Lecture Notes in Computer Science},
  volume       = {11750},
  pages        = {236--243},
  publisher    = {Springer},
  year         = {2019},
  url          = {https://doi.org/10.1007/978-3-030-29662-9\_14},
  doi          = {10.1007/978-3-030-29662-9\_14},
  timestamp    = {Mon, 13 Dec 2021 13:21:14 +0100},
  biburl       = {https://dblp.org/rec/conf/formats/Wimmer19.bib},
  bibsource    = {dblp computer science bibliography, https://dblp.org}
}



@article{timed-automata-afp,
  author  = {Simon Wimmer},
  title   = {Timed Automata},
  journal = {Archive of Formal Proofs},
  month   = {March},
  year    = {2016},
  note    = {\url{https://isa-afp.org/entries/Timed_Automata.html},
             Formal proof development},
  ISSN    = {2150-914x},
}

@article{worklist-afp,
  author  = {Simon Wimmer and Peter Lammich},
  title   = {Worklist Algorithms},
  journal = {Archive of Formal Proofs},
  month   = {August},
  year    = {2024},
  note    = {\url{https://isa-afp.org/entries/Worklist_Algorithms.html},
             Formal proof development},
  ISSN    = {2150-914x},
}

@article{dbm-afp,
  author  = {Simon Wimmer and Peter Lammich},
  title   = {Difference Bound Matrices},
  journal = {Archive of Formal Proofs},
  month   = {August},
  year    = {2024},
  note    = {\url{https://isa-afp.org/entries/Difference_Bound_Matrices.html},
             Formal proof development},
  ISSN    = {2150-914x},
}