@book{nipkow2002isabelle,
  author    = {Tobias Nipkow and
               Markus Wenzel and
               Lawrence C. Paulson},
  title     = {Isabelle/HOL: A Proof Assistant for Higher-Order Logic},
  series    = {Lecture Notes in Computer Science},
  volume    = {2283},
  publisher = {Springer},
  address   = {Berlin, Heidelberg},
  year      = {2002},
  isbn      = {978-3-540-43376-1},
  doi       = {10.1007/3-540-45949-9}
}

@book{nocedal2006numerical,
  author    = {Jorge Nocedal and
               Stephen J. Wright},
  title     = {Numerical Optimization},
  series    = {Springer Series in Operations Research and Financial Engineering},
  edition   = {Second},
  publisher = {Springer},
  address   = {New York},
  year      = {2006},
  isbn      = {978-0-387-30303-1},
  doi       = {10.1007/978-0-387-40065-5}
}



