@misc{lean,
  title        = {autth},
  author       = {Tobias Leichtfried},
  year         = {2025},
  howpublished = {\url{https://github.com/shetzl/autth/tree/PDA/autth}},
  note         = {Accessed: 2025-09-28},
  url          = {https://github.com/shetzl/autth/tree/PDA/autth}
}

@book{kozen2007automata,
  title     = {Automata and Computability},
  author    = {Kozen, Dexter C.},
  year      = {2007},
  publisher = {Springer}
}