@article{EbnerBT23,
  author       = {Gabriel Ebner and
                  Jasmin Blanchette and
                  Sophie Tourret},
  title        = {Unifying Splitting},
  journal      = {J. Autom. Reason.},
  volume       = {67},
  number       = {2},
  pages        = {16},
  year         = {2023}
}

@inproceedings{EbnerBT21,
  author       = {Gabriel Ebner and
                  Jasmin Blanchette and
                  Sophie Tourret},
  title        = {A Unifying Splitting Framework},
  booktitle    = {{CADE}},
  series       = {Lecture Notes in Computer Science},
  volume       = {12699},
  pages        = {344--360},
  publisher    = {Springer},
  year         = {2021}
}

@inproceedings{BergeronKT25,
  author       = {Ghilain Bergeron and
                  Florent Krasnopol and
                  Sophie Tourret},
  title        = {Formalizing Splitting in Isabelle/HOL},
  booktitle    = {{ITP} (to appear in)},
  series       = {LIPIcs},
  volume       = {??},
  pages        = {??},
  publisher    = {Schloss Dagstuhl - Leibniz-Zentrum f{\"{u}}r Informatik},
  year         = {2025}
}