@inbook{Ambainis19,
  title = {Quantum Security Proofs Using Semi-classical Oracles},
  ISBN = {9783030269517},
  ISSN = {1611-3349},
  url = {http://dx.doi.org/10.1007/978-3-030-26951-7_10},
  DOI = {10.1007/978-3-030-26951-7_10},
  booktitle = {Advances in Cryptology – CRYPTO 2019},
  publisher = {Springer International Publishing},
  author = {Ambainis,  Andris and Hamburg,  Mike and Unruh,  Dominique},
  year = {2019},
  pages = {269–295}
}

@inproceedings{HeidlerU25,
  author       = {Katharina Heidler and
                  Dominique Unruh},
  editor       = {Kathrin Stark and
                  Amin Timany and
                  Sandrine Blazy and
                  Nicolas Tabareau},
  title        = {Formalizing the One-Way to Hiding Theorem},
  booktitle    = {Proceedings of the 14th {ACM} {SIGPLAN} International Conference on
                  Certified Programs and Proofs, {CPP} 2025, Denver, CO, USA, January
                  20-21, 2025},
  pages        = {243--256},
  publisher    = {{ACM}},
  year         = {2025},
  url          = {https://doi.org/10.1145/3703595.3705887},
  doi          = {10.1145/3703595.3705887},
  timestamp    = {Sat, 25 Jan 2025 23:07:08 +0100},
  biburl       = {https://dblp.org/rec/conf/cpp/HeidlerU25.bib},
  bibsource    = {dblp computer science bibliography, https://dblp.org}
}
