@inproceedings{DBLP:conf/itp/BenzakenCD17,
  author    = {V{\'{e}}ronique Benzaken and
               Evelyne Contejean and
               Stefania Dumbrava},
  editor    = {Mauricio Ayala{-}Rinc{\'{o}}n and
               C{\'{e}}sar A. Mu{\~{n}}oz},
  title     = {Certifying Standard and Stratified {Datalog} Inference Engines in {SSReflect}},
  booktitle = {Interactive Theorem Proving - 8th International Conference, {ITP}
               2017, Bras{\'{\i}}lia, Brazil, September 26-29, 2017, Proceedings},
  series    = {Lecture Notes in Computer Science},
  volume    = {10499},
  pages     = {171--188},
  publisher = {Springer},
  year      = {2017},
  url       = {https://doi.org/10.1007/978-3-319-66107-0\_12},
  doi       = {10.1007/978-3-319-66107-0\_12},
  timestamp = {Tue, 14 May 2019 10:00:37 +0200},
  biburl    = {https://dblp.org/rec/conf/itp/BenzakenCD17.bib},
  bibsource = {dblp computer science bibliography, https://dblp.org}
}

@phdthesis{DBLP:phd/hal/Dumbrava16,
  author =       {Stefania{-}Gabriela Dumbrava},
  title =        {A Coq Formalization of Relational and Deductive
                  Databases -and Mechanizations of Datalog},
  school =       {University of Paris-Saclay, France},
  year =         {2016},
  url =          {https://tel.archives-ouvertes.fr/tel-01534575},
  timestamp =    {Tue, 21 Jul 2020 00:40:50 +0200},
  biburl =       {https://dblp.org/rec/phd/hal/Dumbrava16.bib},
  bibsource =    {dblp computer science bibliography,
                  https://dblp.org}
}

@inproceedings{DBLP:conf/ppdp/KrienerKB13,
  author    = {Jael Kriener and
               Andy King and
               Sandrine Blazy},
  editor    = {Ricardo Pe{\~{n}}a and
               Tom Schrijvers},
  title     = {Proofs you can believe in: proving equivalences between {Prolog} semantics
               in {Coq}},
  booktitle = {15th International Symposium on Principles and Practice of Declarative
               Programming, {PPDP} '13, Madrid, Spain, September 16-18, 2013},
  pages     = {37--48},
  publisher = {{ACM}},
  year      = {2013},
  url       = {https://doi.org/10.1145/2505879.2505886},
  doi       = {10.1145/2505879.2505886},
  timestamp = {Wed, 25 Sep 2019 18:23:37 +0200},
  biburl    = {https://dblp.org/rec/conf/ppdp/KrienerKB13.bib},
  bibsource = {dblp computer science bibliography, https://dblp.org}
}

@inproceedings{DBLP:conf/types/Whitehead06,
  author    = {Nathan Whitehead},
  editor    = {Thorsten Altenkirch and
               Conor McBride},
  title     = {A Certified Distributed Security Logic for Authorizing Code},
  booktitle = {Types for Proofs and Programs, International Workshop, {TYPES} 2006,
               Nottingham, UK, April 18-21, 2006, Revised Selected Papers},
  series    = {Lecture Notes in Computer Science},
  volume    = {4502},
  pages     = {253--268},
  publisher = {Springer},
  year      = {2006},
  url       = {https://doi.org/10.1007/978-3-540-74464-1\_17},
  doi       = {10.1007/978-3-540-74464-1\_17},
  timestamp = {Tue, 14 May 2019 10:00:42 +0200},
  biburl    = {https://dblp.org/rec/conf/types/Whitehead06.bib},
  bibsource = {dblp computer science bibliography, https://dblp.org}
}

@article{Program-Conflict-Analysis-AFP,
  author  = {Peter Lammich and Markus MÃ¼ller-Olm},
  title   = {Formalization of Conflict Analysis of Programs with Procedures, Thread Creation, and Monitors},
  journal = {Archive of Formal Proofs},
  month   = {December},
  year    = {2007},
  note    = {\url{https://isa-afp.org/entries/Program-Conflict-Analysis.html},
            Formal proof development},
  ISSN    = {2150-914x},
}

@article{Slicing-AFP,
  author  = {Daniel Wasserrab},
  title   = {Towards Certified Slicing},
  journal = {Archive of Formal Proofs},
  month   = {September},
  year    = {2008},
  note    = {\url{https://isa-afp.org/entries/Slicing.html},
            Formal proof development},
  ISSN    = {2150-914x},
}

@article{HRB-Slicing-AFP,
  author  = {Daniel Wasserrab},
  title   = {Backing up Slicing: Verifying the Interprocedural Two-Phase {Horwitz-Reps-Binkley} Slicer},
  journal = {Archive of Formal Proofs},
  month   = {November},
  year    = {2009},
  note    = {\url{https://isa-afp.org/entries/HRB-Slicing.html},
            Formal proof development},
  ISSN    = {2150-914x},
}

@article{Shivers-CFA-AFP,
  author  = {Joachim Breitner},
  title   = {Shivers' Control Flow Analysis},
  journal = {Archive of Formal Proofs},
  month   = {November},
  year    = {2010},
  note    = {\url{https://isa-afp.org/entries/Shivers-CFA.html},
            Formal proof development},
  ISSN    = {2150-914x},
}

@article{RIPEMD-160-SPARK-AFP,
  author  = {Fabian Immler},
  title   = {{RIPEMD-160}},
  journal = {Archive of Formal Proofs},
  month   = {January},
  year    = {2011},
  note    = {\url{https://isa-afp.org/entries/RIPEMD-160-SPARK.html},
            Formal proof development},
  ISSN    = {2150-914x},
}

@article{Call_Arity-AFP,
  author  = {Joachim Breitner},
  title   = {The Safety of {Call Arity}},
  journal = {Archive of Formal Proofs},
  month   = {February},
  year    = {2015},
  note    = {\url{https://isa-afp.org/entries/Call_Arity.html},
            Formal proof development},
  ISSN    = {2150-914x},
}

@article{Abs_Int_ITP2012-AFP,
  author  = {Tobias Nipkow},
  title   = {Abstract Interpretation of Annotated Commands},
  journal = {Archive of Formal Proofs},
  month   = {November},
  year    = {2016},
  note    = {\url{https://isa-afp.org/entries/Abs_Int_ITP2012.html},
            Formal proof development},
  ISSN    = {2150-914x},
}

@article{Dominance_CHK-AFP,
  author  = {Nan Jiang},
  title   = {A data flow analysis algorithm for computing dominators},
  journal = {Archive of Formal Proofs},
  month   = {September},
  year    = {2021},
  note    = {\url{https://isa-afp.org/entries/Dominance_CHK.html},
            Formal proof development},
  ISSN    = {2150-914x},
}

@book{DBLP:books/sp/NipkowK14,
  author    = {Tobias Nipkow and
               Gerwin Klein},
  title     = {Concrete Semantics - With Isabelle/HOL},
  publisher = {Springer},
  year      = {2014},
  url       = {https://doi.org/10.1007/978-3-319-10542-0},
  doi       = {10.1007/978-3-319-10542-0},
  isbn      = {978-3-319-10541-3},
  timestamp = {Fri, 02 Nov 2018 09:27:06 +0100},
  biburl    = {https://dblp.org/rec/books/sp/NipkowK14.bib},
  bibsource = {dblp computer science bibliography, https://dblp.org}
}

@inproceedings{DBLP:conf/itp/CacheraP10,
  author    = {David Cachera and
               David Pichardie},
  editor    = {Matt Kaufmann and
               Lawrence C. Paulson},
  title     = {A Certified Denotational Abstract Interpreter},
  booktitle = {Interactive Theorem Proving, First International Conference, {ITP}
               2010, Edinburgh, UK, July 11-14, 2010. Proceedings},
  series    = {Lecture Notes in Computer Science},
  volume    = {6172},
  pages     = {9--24},
  publisher = {Springer},
  year      = {2010},
  url       = {https://doi.org/10.1007/978-3-642-14052-5\_3},
  doi       = {10.1007/978-3-642-14052-5\_3},
  timestamp = {Tue, 14 May 2019 10:00:37 +0200},
  biburl    = {https://dblp.org/rec/conf/itp/CacheraP10.bib},
  bibsource = {dblp computer science bibliography, https://dblp.org}
}

@article{DBLP:journals/corr/abs-2012-10086,
  author =       {Flemming Nielson and Hanne Riis Nielson},
  title =        {Program Analysis (an Appetizer)},
  journal =      {CoRR},
  volume =       {abs/2012.10086},
  year =         {2020},
  url =          {https://arxiv.org/abs/2012.10086},
  eprinttype =   {arXiv},
  eprint =       {2012.10086},
  timestamp =    {Mon, 04 Jan 2021 16:33:46 +0100},
  biburl = {https://dblp.org/rec/journals/corr/abs-2012-10086.bib},
  bibsource =    {dblp computer science bibliography,
                  https://dblp.org}
}

@book{NielsonNH:springer1999:PPA,
  author =       "Flemming Nielson and Hanne Riis Nielson and Chris
                  Hankin",
  title =        "{P}rinciples of {P}rogram {A}nalysis",
  publisher =    "Springer Verlag",
  year =         "1999",
}

@InProceedings{DBLP:conf/popl/JourdanLBLP15,
  author =       "Jacques{-}Henri Jourdan and Vincent Laporte and
                  Sandrine Blazy and Xavier Leroy and David Pichardie",
  title =        "A Formally-Verified {C} Static Analyzer",
  year =         2015,
  booktitle =    "Proceedings of the 42nd Symposium on Principles of
                  Programming Languages (POPL~2015)",
  pages =        "247--259",
  doi =          "10.1145/2676726.2676966"
}

@InProceedings{DBLP:conf/itp/Nipkow12,
  author =       "Tobias Nipkow",
  title =        "Abstract Interpretation of Annotated Commands",
  year =         2012,
  booktitle =    "Proceedings of the Third International Conference on
                  Interactive Theorem Proving (ITP~2012)",
  pages =        "116--132",
  doi =          "10.1007/978-3-642-32347-8\_9"
}

@inproceedings{DBLP:conf/fmcad/SchlichtkrullSST22,
  author    = {Anders Schlichtkrull and
               Morten Konggaard Schou and
               Jir{\'{\i}} Srba and
               Dmitriy Traytel},
  editor    = {Alberto Griggio and
               Neha Rungta},
  title     = {Differential Testing of Pushdown Reachability with a Formally Verified
               Oracle},
  booktitle = {22nd Formal Methods in Computer-Aided Design, {FMCAD} 2022, Trento,
               Italy, October 17-21, 2022},
  pages     = {369--379},
  publisher = {{IEEE}},
  year      = {2022},
  url       = {https://doi.org/10.34727/2022/isbn.978-3-85448-053-2\_44},
  doi       = {10.34727/2022/isbn.978-3-85448-053-2\_44},
  timestamp = {Mon, 13 Feb 2023 21:53:10 +0100},
  biburl    = {https://dblp.org/rec/conf/fmcad/SchlichtkrullSST22.bib},
  bibsource = {dblp computer science bibliography, https://dblp.org}
}

@article{DBLP:journals/tplp/BonifatiDA18,
  author    = {Angela Bonifati and
               Stefania Dumbrava and
               Emilio Jes{\'{u}}s Gallego Arias},
  title     = {Certified Graph View Maintenance with {Regular Datalog}},
  journal   = {Theory Pract. Log. Program.},
  volume    = {18},
  number    = {3-4},
  pages     = {372--389},
  year      = {2018},
  url       = {https://doi.org/10.1017/S1471068418000224},
  doi       = {10.1017/S1471068418000224},
  timestamp = {Wed, 07 Dec 2022 23:01:22 +0100},
  biburl    = {https://dblp.org/rec/journals/tplp/BonifatiDA18.bib},
  bibsource = {dblp computer science bibliography, https://dblp.org}
}

@phdthesis{DBLP:phd/dnb/Breitner16,
  author       = {Joachim Breitner},
  title        = {Lazy Evaluation: From natural semantics to a machine-checked compiler
                  transformation},
  school       = {Karlsruhe Institute of Technology},
  year         = {2016},
  url          = {http://digbib.ubka.uni-karlsruhe.de/volltexte/1000054251},
  urn          = {urn:nbn:de:swb:90-542518},
  isbn         = {978-3-7315-0546-4},
  timestamp    = {Sat, 17 Jul 2021 09:07:30 +0200},
  biburl       = {https://dblp.org/rec/phd/dnb/Breitner16.bib},
  bibsource    = {dblp computer science bibliography, https://dblp.org}
}

@inproceedings{DBLP:conf/sas/LammichM08,
  author       = {Peter Lammich and
                  Markus M{\"{u}}ller{-}Olm},
  editor       = {Mar{\'{\i}}a Alpuente and
                  Germ{\'{a}}n Vidal},
  title        = {Conflict Analysis of Programs with Procedures, Dynamic Thread Creation,
                  and Monitors},
  booktitle    = {Static Analysis, 15th International Symposium, {SAS} 2008, Valencia,
                  Spain, July 16-18, 2008. Proceedings},
  series       = {Lecture Notes in Computer Science},
  volume       = {5079},
  pages        = {205--220},
  publisher    = {Springer},
  year         = {2008},
  url          = {https://doi.org/10.1007/978-3-540-69166-2\_14},
  doi          = {10.1007/978-3-540-69166-2\_14},
  timestamp    = {Wed, 25 Sep 2019 18:08:39 +0200},
  biburl       = {https://dblp.org/rec/conf/sas/LammichM08.bib},
  bibsource    = {dblp computer science bibliography, https://dblp.org}
}

@inproceedings{DBLP:conf/tphol/WasserrabL08,
  author       = {Daniel Wasserrab and
                  Andreas Lochbihler},
  editor       = {Otmane A{\"{\i}}t Mohamed and
                  C{\'{e}}sar A. Mu{\~{n}}oz and
                  Sofi{\`{e}}ne Tahar},
  title        = {Formalizing a Framework for Dynamic Slicing of Program Dependence
                  Graphs in Isabelle/HOL},
  booktitle    = {Theorem Proving in Higher Order Logics, 21st International Conference,
                  TPHOLs 2008, Montreal, Canada, August 18-21, 2008. Proceedings},
  series       = {Lecture Notes in Computer Science},
  volume       = {5170},
  pages        = {294--309},
  publisher    = {Springer},
  year         = {2008},
  url          = {https://doi.org/10.1007/978-3-540-71067-7\_24},
  doi          = {10.1007/978-3-540-71067-7\_24},
  timestamp    = {Tue, 14 May 2019 10:00:48 +0200},
  biburl       = {https://dblp.org/rec/conf/tphol/WasserrabL08.bib},
  bibsource    = {dblp computer science bibliography, https://dblp.org}
}

@inproceedings{DBLP:conf/pldi/WasserrabLS09,
  author       = {Daniel Wasserrab and
                  Denis Lohner and
                  Gregor Snelting},
  editor       = {Stephen Chong and
                  David A. Naumann},
  title        = {On {PDG-based} noninterference and its modular proof},
  booktitle    = {Proceedings of the 2009 Workshop on Programming Languages and Analysis
                  for Security, {PLAS} 2009, Dublin, Ireland, 15-21 June, 2009},
  pages        = {31--44},
  publisher    = {{ACM}},
  year         = {2009},
  url          = {https://doi.org/10.1145/1554339.1554345},
  doi          = {10.1145/1554339.1554345},
  timestamp    = {Fri, 25 Jun 2021 14:48:54 +0200},
  biburl       = {https://dblp.org/rec/conf/pldi/WasserrabLS09.bib},
  bibsource    = {dblp computer science bibliography, https://dblp.org}
}

@InProceedings{DBLP:conf/popl/CousotC77,
  author =       "Patrick Cousot and Radhia Cousot",
  title =        "Abstract Interpretation: {A} Unified Lattice Model
                  for Static Analysis of Programs by Construction or
                  Approximation of Fixpoints",
  year =         1977,
  booktitle =    "Conference Record of the Fourth {ACM} Symposium on
                  Principles of Programming Languages (POPL~1977)",
  pages =        "238--252",
  doi =          "10.1145/512950.512973",
  url =          "https://doi.org/10.1145/512950.512973",
  timestamp =    "Tue, 06 Nov 2018 11:07:42 +0100",
  biburl =       "https://dblp.org/rec/conf/popl/CousotC77.bib",
  bibsource =    "dblp computer science bibliography,
                  https://dblp.org"
}

@incollection{DBLP:books/mk/minker88/Przymusinski88,
  author       = {Teodor C. Przymusinski},
  editor       = {Jack Minker},
  title        = {On the Declarative Semantics of Deductive Databases and Logic Programs},
  booktitle    = {Foundations of Deductive Databases and Logic Programming},
  pages        = {193--216},
  publisher    = {Morgan Kaufmann},
  year         = {1988},
  url          = {https://doi.org/10.1016/b978-0-934613-40-8.50009-9},
  doi          = {10.1016/b978-0-934613-40-8.50009-9},
  timestamp    = {Thu, 27 Jun 2019 09:17:48 +0200},
  biburl       = {https://dblp.org/rec/books/mk/minker88/Przymusinski88.bib},
  bibsource    = {dblp computer science bibliography, https://dblp.org}
}

@inproceedings{DBLP:conf/sac/SchlichtkrullHN24,
  author       = {Anders Schlichtkrull and
                  Ren{\'{e}} Rydhof Hansen and
                  Flemming Nielson},
  editor       = {Jiman Hong and
                  Juw Won Park},
  title        = {Isabelle-verified correctness of Datalog programs for program analysis},
  booktitle    = {Proceedings of the 39th {ACM/SIGAPP} Symposium on Applied Computing,
                  {SAC} 2024, Avila, Spain, April 8-12, 2024},
  pages        = {1731--1734},
  publisher    = {{ACM}},
  year         = {2024},
  url          = {https://doi.org/10.1145/3605098.3636091},
  doi          = {10.1145/3605098.3636091},
  timestamp    = {Sun, 19 Jan 2025 13:13:03 +0100},
  biburl       = {https://dblp.org/rec/conf/sac/SchlichtkrullHN24.bib},
  bibsource    = {dblp computer science bibliography, https://dblp.org}
}

@article{Labeled_Transition_Systems-AFP,
  author  = {Anders Schlichtkrull and Morten Konggaard Schou and JiÅÃ­ Srba and Dmitriy Traytel},
  title   = {Labeled Transition Systems},
  journal = {Archive of Formal Proofs},
  month   = {October},
  year    = {2023},
  note    = {\url{https://isa-afp.org/entries/Labeled_Transition_Systems.html},
             Formal proof development},
  ISSN    = {2150-914x},
}

@inproceedings{TGMK2025,
  author    = {Johannes Tantow and Lukas Gerlach and Stephan Mennicke and Markus
               Kr{\"{o}}tzsch},
  title     = {Verifying {Datalog} Reasoning with {Lean}},
  booktitle = {Proceedings of the 16th International Conference on
                  Interactive Theorem Proving (ITP~2025)},
  year      = {2025}
}
