@article{Mission_Time_LTL-AFP,
  author  = {Katherine Kosaian and Zili Wang and Elizabeth Sloan},
  title   = {Mission-time Linear Temporal Logic},
  journal = {Archive of Formal Proofs},
  month   = {January},
  year    = {2025},
  note    = {\url{https://isa-afp.org/entries/Mission_Time_LTL.html},
             Formal proof development},
  ISSN    = {2150-914x},
}