@article{mlssmf_II,
author = {Cantone, Domenico and Schwartz, Jacob T. and Zarba, Calogero G.},
year = {2006},
month = {01},
pages = {},
title = {A decision procedure for a sublanguage of set theory involving monotone additive and multiplicative functions, II. The multi-level case},
volume = {60},
journal = {Le Matematiche; Vol 60, No 1 (2005); 133-162}
}

@article{MLSS_Decision_Proc-AFP,
  author  = {Lukas Stevens},
  title   = {MLSS Decision Procedure},
  journal = {Archive of Formal Proofs},
  month   = {May},
  year    = {2023},
  note    = {\url{https://isa-afp.org/entries/MLSS_Decision_Proc.html},
             Formal proof development},
  ISSN    = {2150-914x},
}
