@STRING{cup		= {Cambridge University Press}}
@STRING{ndjfl		= {Notre Dame Journal of Formal Logic}}
@STRING{sv		= {Springer-Verlag}}

@Article{BerghammerSchmidtZierer1989,
	author		= {Berghammer, R. and Schmidt, G. and Zierer, H.},
	title		= {Symmetric Quotients and Domain Constructions},
	journal		= ipl,
	volume		= 33,
	number		= 3,
	pages		= {163--168},
	year		= 1989,
	note		= {}
}

@Article{Cegielski1989,
	author		= {Cegielski, P.},
	title		= {The Elementary Theory of the Natural Lattice is Finitely Axiomatizable},
	journal		= ndjfl,
	volume		= 30,
	number		= 1,
	pages		= {138--150},
	year		= 1989,
	note		= {}
}

@Article{Riguet1948,
	author		= {Riguet, J.},
	title		= {Relations binaires, fermetures, correspondances de {Galois}},
	journal		= {Bulletin de la Soci{\'e}t{\'e} Math{\'e}matique de France},
	volume		= 76,
	pages		= {114--155},
	year		= 1948,
	note		= {}
}

@Book{Schmidt2011,
	author		= {Schmidt, G.},
	title		= {Relational Mathematics},
	publisher	= cup,
	year		= 2011,
	note		= {}
}

@Book{SchmidtStroehlein1989,
	author		= {Schmidt, G. and Str{\"o}hlein, T.},
	title		= {Relationen und Graphen},
	publisher	= sv,
	year		= 1989,
	note		= {}
}

