@book{Francinou_Gianella_Nicolas_2014,
  place={Paris},
  title={Oraux X-ENS Algèbre 1},
  publisher={Cassini},
  author={Francinou, Serge and Gianella, Hervé and Nicolas, Serge},
  year={2014}
}


@article{kiefer2012theoreme,
  title={{Le th{\'e}or{\`e}me de Fermat vu par M. Le Blanc}},
  author={Kiefer, Ann},
  journal={Brussels Summer School of Mathematics, Notes de la cinqui{\`e}me BSSM},
  year={2012}
}