@book{TeReSe,
  editor    = {TeReSe},
  title     = {Term Rewriting Systems},
  series    = {Cambridge Tracts in Theoretical Computer Science},
  volume    = 55,
  publisher = {Cambridge University Press},
  year      = 2003
}

@book{BN98,
  author    = {Franz Baader and Tobias Nipkow},
  title     = {Term Rewriting and All That},
  publisher = {Cambridge University Press},
  year      = 1998,
  doi       = {10.1017/CBO9781139172752}
}

@inproceedings{TS09,
  author    = {Ren{\'e} Thiemann and Christian Sternagel},
  title     = {Certification of Termination Proofs using
               \textsf{C\kern-0.2exe\kern-0.5exT\kern-0.5exA}},
  booktitle = {Proceedings of the 22nd International Conference on
               Theorem Proving in Higher-Order Logics},
  series    = {Lecture Notes in Computer Science},
  publisher = {Springer},
  volume    = 5674,
  pages     = {452--468},
  year      = 2009,
  doi       = {10.1007/978-3-642-03359-9_31}
}
