@book{apostol,
  title = {Modular Functions and {D}irichlet Series in Number Theory},
  ISBN = {9781461209997},
  ISSN = {0072-5285},
  DOI = {10.1007/978-1-4612-0999-7},
  series = {Graduate Texts in Mathematics},
  publisher = {Springer},
  author = {Apostol, Tom M.},
  year = {1990}
}