@article{Zankl2013-AFP,
  author={Zankl, Harald},
  title={Decreasing Diagrams},
  journal={Archive of Formal Proofs},
  month={November},
  year={2013},
  note={\url{https://isa-afp.org/entries/Decreasing-Diagrams.html}, Formal proof development},
  ISSN={2150-914x}
}

@article{Sternagel2010-AFP,
  author={Sternagel, Christian and Thiemann, Ren{\'e}},
  title={Abstract Rewriting},
  journal={Archive of Formal Proofs},
  month={June},
  year={2010},
  note={\url{https://isa-afp.org/entries/Abstract-Rewriting.html}, Formal proof development},
  ISSN={2150-914x}
}

@article{Oostrom94,
  title={Confluence by decreasing diagrams},
  author={Van Oostrom, Vincent},
  journal={Theoretical computer science},
  volume={126},
  number={2},
  pages={259--280},
  year={1994},
  publisher={Elsevier}
}

@inproceedings{IWC24,
  author  = {Ivanov, Ievgen},
  title = {On Non-triviality of the Hierarchy of Decreasing {C}hurch-{R}osser Abstract Rewriting Systems},
  booktitle = {Proceedings of the 13th International Workshop on Confluence},
  pages = {30--35},
  year = {2024}
}

@misc{formal1,
   title = "Formal proof of completeness of the decreasing diagrams method for proving confluence of relations of the least uncountable cardinality",
   author={Ivanov, Ievgen},
   year={2024},
   note={\url{https://doi.org/10.5281/zenodo.14254256}, Formal proof development}
}

@misc{formal2,
   title = "Modified version of a formal proof of completeness of the decreasing diagrams method for proving confluence of relations of the least uncountable cardinality",
   author={Ivanov, Ievgen},
   year={2025},
   note={\url{https://doi.org/10.5281/zenodo.15190469}, Formal proof development}
}

@misc{formal3,
   title = "Formalization of a confluent abstract rewriting system of the least uncountable cardinality outside of the class {$DCR_2$}",
   author={Ivanov, Ievgen},
   year={2025},
   note={\url{https://doi.org/10.5281/zenodo.14740062}, Formal proof development}
}

@misc{formal4,
   title = "Formalization of an abstract rewriting system in the class {$DCR_3 \backslash DCR_2$}",
   author={Ivanov, Ievgen},
   year={2024},
   note={\url{https://doi.org/10.5281/zenodo.11571490}, Formal proof development}
}
