@string{iwc12 = "Proc.\ 12th International Workshop on Confluence"}
@string{entcs = "Electronic Notes in Theoretical Computer Science"}
@string{wrs2 = "Proc.\ 2nd International Workshop on Reduction Strategies
 in Rewriting and Programming"}
@string{cpp12 = "Proc.\ 12th International Conference on Certified Programs
 and Proofs"}
@string{cpp14 = "Proc.\ 14th International Conference on Certified Programs
 and Proofs"}
@string{itp14 = "Proc.\ 14th International Joint Conference on Automated
 Reasoning"}
@string{lipics = "LIPIcs"}
@string{cup = "Cambridge University Press"}

@book{TeReSe,
  editor    = {TeReSe},
  title     = {Term Rewriting Systems},
  series    = {Cambridge Tracts in Theoretical Computer Science},
  volume    = 55,
  publisher = cup,
  year      = 2003
}

@inproceedings{vOdV02,
  author    = {Vincent van Oostrom and Roel de Vrijer},
  title     = {Four Equivalent Equivalences of Reductions},
  booktitle = wrs2,
  series    = entcs,
  volume    = {70(6)},
  pages     = {21--61},
  year      = 2002,
  doi       = {10.1016/S1571-0661(04)80599-1}
}

@inproceedings{KM23c,
  author    = {Christina Kohl and Aart Middeldorp},
  title     = {Formalizing Confluence and Commutation Criteria Using
               Proof Terms},
  booktitle = iwc12,
  pages     = {49--54},
  year      = 2023,
  note      = {Available from
               \url{http://cl-informatik.uibk.ac.at/iwc/2023/proceedings.pdf}}
}

@inproceedings{KM23a,
  author    = {Christina Kohl and Aart Middeldorp},
  title     = {A Formalization of the Development Closedness Criterion for
               Left-Linear Term Rewrite Systems},
  booktitle = cpp12,
  pages     = {197--210},
  doi       = {10.1145/3573105.3575667},
  year      = 2023
}

@inproceedings{KM23b,
  author    = {Christina Kohl and Aart Middeldorp},
  title     = {Formalizing Almost Development Closed Critical Pairs (Short
               Paper)},
  booktitle = itp14,
  series    = lipics,
  volume    = 268,
  pages     = {38:1--38:8},
  year      = 2023,
  doi       = {10.4230/LIPIcs.ITP.2023.38}
}

@inproceedings{KM25,
  author    = {Christina Kirk and Aart Middeldorp},
  title     = {Formalizing Simultaneous Critical Pairs for Confluence of Left-Linear Rewrite Systems},
  booktitle = cpp14,
  pages     = {156--170},
  year      = {2025},
  doi       = {10.1145/3703595.3705881}
}