@inproceedings{LVR19,
  author       = {Jianwen Li and
                  Moshe Y. Vardi and
                  Kristin Y. Rozier},
  editor       = {Isil Dillig and
                  Serdar Tasiran},
  title        = {Satisfiability Checking for Mission-Time {LTL}},
  booktitle    = {CAV},
  series       = {LNCS},
  volume       = {11562},
  pages        = {3--22},
  publisher    = {Springer},
  year         = {2019},
  url          = {https://doi.org/10.1007/978-3-030-25543-5\_1},
  doi          = {10.1007/978-3-030-25543-5\_1},
  timestamp    = {Fri, 31 Jan 2020 21:32:18 +0100},
  biburl       = {https://dblp.org/rec/conf/cav/LiVR19.bib},
  bibsource    = {dblp computer science bibliography, https://dblp.org}
}

@inproceedings{RRS14,
  author = "Thomas Reinbacher and Kristin Y.~Rozier and Johann Schumann",
  title = "Temporal-Logic Based Runtime Observer Pairs for System Health Management of Real-Time Systems",
  editors     =   "Erika Abraham and Klaus Havelund",
  booktitle = "TACAS",
    series      =   "LNCS",
    volume      =   "8413",
    publisher   =   "Springer-Verlag",
    pages       =   "357--372",
  month = "April",
  year = "2014",
}

@inproceedings{DBLP:conf/ifm/ElwingGSTWR23,
  author       = {Jenna Elwing and
                  Laura Gamboa{-}Guzman and
                  Jeremy Sorkin and
                  Chiara Travesset and
                  Zili Wang and
                  Kristin Yvonne Rozier},
  title        = {Mission-Time {LTL} {(MLTL)} Formula Validation via Regular Expressions},
  booktitle    = {iFM},
  pages        = {279--301},
  year         = {2023},
  crossref     = {DBLP:conf/ifm/2023},
  url          = {https://doi.org/10.1007/978-3-031-47705-8\_15},
  doi          = {10.1007/978-3-031-47705-8\_15},
  timestamp    = {Tue, 28 Nov 2023 20:06:09 +0100},
  biburl       = {https://dblp.org/rec/conf/ifm/ElwingGSTWR23.bib},
  bibsource    = {dblp computer science bibliography, https://dblp.org}
}
@proceedings{DBLP:conf/ifm/2023,
  editor       = {Paula Herber and
                  Anton Wijs},
  title        = {iFM},
  series       = {LNCS},
  volume       = {14300},
  publisher    = {Springer},
  year         = {2024},
  url          = {https://doi.org/10.1007/978-3-031-47705-8},
  doi          = {10.1007/978-3-031-47705-8},
  isbn         = {978-3-031-47704-1},
  timestamp    = {Thu, 11 Jul 2024 17:34:18 +0200},
  biburl       = {https://dblp.org/rec/conf/ifm/2023.bib},
  bibsource    = {dblp computer science bibliography, https://dblp.org}
}

@article{LTL-AFP,
  author  = {Salomon Sickert},
  title   = {Linear Temporal Logic},
  journal = {Archive of Formal Proofs},
  month   = {March},
  year    = {2016},
  note    = {\url{https://isa-afp.org/entries/LTL.html},
             Formal proof development},
  ISSN    = {2150-914x},
}

@article{MFOTL_Monitor-AFP,
  author  = {Joshua Schneider and Dmitriy Traytel},
  title   = {Formalization of a Monitoring Algorithm for Metric First-Order Temporal Logic},
  journal = {Archive of Formal Proofs},
  month   = {July},
  year    = {2019},
  note    = {\url{https://isa-afp.org/entries/MFOTL_Monitor.html},
             Formal proof development},
  ISSN    = {2150-914x},
}

@inproceedings{DBLP:conf/rv/LiR18,
  author       = {Jianwen Li and
                  Kristin Y. Rozier},
  editor       = {Christian Colombo and
                  Martin Leucker},
  title        = {{MLTL} Benchmark Generation via Formula Progression},
  booktitle    = {RV},
  series       = {LNCS},
  volume       = {11237},
  pages        = {426--433},
  publisher    = {Springer},
  year         = {2018},
  url          = {https://doi.org/10.1007/978-3-030-03769-7\_25},
  doi          = {10.1007/978-3-030-03769-7\_25},
  timestamp    = {Sat, 12 Jun 2021 11:01:04 +0200},
  biburl       = {https://dblp.org/rec/conf/rv/LiR18.bib},
  bibsource    = {dblp computer science bibliography, https://dblp.org}
}