@misc{oeis,
    Author = {{OEIS Foundation Inc.}},
    Note = {Published electronically at \url{http://oeis.org}},
    Title = {The {O}n-{L}ine {E}ncyclopedia of {I}nteger {S}equences},
    Year = 2025
}

@book{apostol,
	series = "Undergraduate Texts in Mathematics",
	title = "Introduction to Analytic Number Theory",
	year = 1976,
	author = "Tom M. Apostol",
	publisher = "Springer",
	doi = "10.1007/978-1-4757-5579-4",
	isbn = "978-0-387-90163-3"
}
