@book{shalev2014,
  title={Understanding Machine Learning: From Theory to Algorithms},
  author={Shalev-Shwartz, S. and Ben-David, S.},
  isbn={9781107057135},
  lccn={2014001779},
  doi = {10.1017/CBO9781107298019},
  year={2014},
  publisher={Cambridge University Press}
}