@techreport{Burrows_Tech_1994,
  author       = {M. Burrows and
			      D. Wheeler},
  title        = {A Block-Sorting Lossless Data Compression Algorithm},
  institution  = {Digital SRC Research Report},
  year         = 1994
}

@inproceedings{Ferragina_FOCS_2000,
  author       = {P. Ferragina and
                  G. Manzini},
  title        = {Opportunistic Data Structures with Applications},
  booktitle    = {Foundations of Computer Science},
  pages        = {390--398},
  publisher    = {{IEEE} Computer Society},
  year         = {2000},
  hideurl      = {https://doi.org/10.1109/SFCS.2000.892127},
  doi          = {10.1109/SFCS.2000.892127},
  timestamp    = {Thu, 23 Mar 2023 23:57:54 +0100},
  biburl       = {https://dblp.org/rec/conf/focs/FerraginaM00.bib},
  bibsource    = {dblp computer science bibliography, https://dblp.org}
}

@inproceedings{Affeldt_ITP_2019,
  author       = {R. Affeldt and
                  J. Garrigue and
                  X. Qi and
                  K. Tanaka},
  title        = {Proving Tree Algorithms for Succinct Data Structures},
  booktitle    = {Proc. Interactive Theorem Proving},
  series       = {{LIPIcs}},
  volume       = {141},
  pages        = {5:1--5:19},
  publisher    = {Schloss Dagstuhl - Leibniz-Zentrum f{\"{u}}r Informatik},
  year         = {2019},
  hideurl      = {https://doi.org/10.4230/LIPIcs.ITP.2019.5},
  doi          = {10.4230/LIPICS.ITP.2019.5},
  timestamp    = {Mon, 23 Sep 2019 17:27:15 +0200},
  biburl       = {https://dblp.org/rec/conf/itp/AffeldtGQT19.bib},
  bibsource    = {dblp computer science bibliography, https://dblp.org}
}

@article{Cheung_AFP_2024,
  author  = {L. Cheung and C. Rizkallah},
  title   = {Formally Verified Suffix Array Construction},
  journal = {Archive of Formal Proofs},
  month   = {September},
  year    = {2024},
  note    = {\url{https://isa-afp.org/entries/SuffixArray.html},
             Formal proof development},
  ISSN    = {2150-914x}
}

@article{Manber_SIAM_1993,
  author       = {U. Manber and
                  E. W. Myers},
  title        = {Suffix Arrays: A New Method for On-Line String Searches},
  journal      = {SIAM Journal on Computing},
  volume       = {22},
  number       = {5},
  pages        = {935--948},
  year         = {1993},
  hideurl      = {https://doi.org/10.1137/0222058},
  doi          = {10.1137/0222058},
}

@inproceedings{Cheung_CPP_2025,
  author       = {L. Cheung and
                  A. Moffat and
                  C. Rizkallah},
  title        = {Formalized {B}urrows-{W}heeler {T}ransform},
  booktitle    = {Proc. Ceritifed Programs and Proofs},
  publisher    = {ACM},
  year         = {2025},
  note         = {To appear},
  hideurl      = {https://doi.org/10.1145/3703595.3705883},
  doi          = {10.1145/3703595.3705883}
}

@misc{Cheung_Zenodo_2024,
  author       = {L. Cheung and C. Rizkallah},
  title        = {Formalized {B}urrows-{W}heeler {T}ransform (Artefact)},
  month        = {December},
  year         = {2024},
  publisher    = {Zenodo},
  doi          = {10.5281/zenodo.14279882}
}
