@book{HopcroftMU,
  title = {Introduction to Automata Theory, Languages, and Computation},
  author = {J. E. Hopcroft and R. Motwani and J. D. Ullman},
  year = {2006},
  edition = {3rd},
  publisher = {Addison Wesley}
}

@inproceedings{RamosAMQ,
  author       = {Marcus V. M. Ramos and
                  Jos{\'{e}} Carlos Bacelar Almeida and
                  Nelma Moreira and
                  Ruy J. G. B. de Queiroz},
  editor       = {Beniamino Accattoli and
                  Carlos Olarte},
  title        = {Some Applications of the Formalization of the Pumping Lemma for Context-Free
                  Languages},
  booktitle    = {Proceedings of the 13th Workshop on Logical and Semantic Frameworks
                  with Applications, {LSFA} 2018},
  series       = {Electronic Notes in Theoretical Computer Science},
  volume       = {344},
  pages        = {151--167},
  publisher    = {Elsevier},
  year         = {2018},
  url          = {https://doi.org/10.1016/j.entcs.2019.07.010},
}

@misc{RamosGithub,
    title = {GitHub repository},
    url = {https://github.com/mvmramos/intersection},
    author = {M.V.M. Ramos},
    year = {2018},
    note = {Accessed on 8/5/2025}
}