@article{Isabelle_Marries_Dirac-AFP,
  author  = {Anthony Bordg and Hanna Lachnitt and Yijun He},
  title   = {{I}sabelle {M}arries {D}irac: a {L}ibrary for {Q}uantum {C}omputation and {Q}uantum {I}nformation},
  journal = {Archive of Formal Proofs},
  month   = {November},
  year    = {2020},
  note    = {\url{https://isa-afp.org/entries/Isabelle_Marries_Dirac.html},
             Formal proof development},
  ISSN    = {2150-914x},
}

@misc{peng2022formallycertifiedendtoendimplementation,
      title={{A} {F}ormally {C}ertified {E}nd-to-{E}nd {I}mplementation of {S}hor's {F}actorization {A}lgorithm}, 
      author={Yuxiang Peng and Kesha Hietala and Runzhou Tao and Liyi Li and Robert Rand and Michael Hicks and Xiaodi Wu},
      year={2022},
      eprint={2204.07112},
      archivePrefix={arXiv},
      primaryClass={cs.PL},
      url={https://arxiv.org/abs/2204.07112}, 
}

@book{Nielsen_Chuang_2010, 
    place={Cambridge},
    title={{Q}uantum {C}omputation and {Q}uantum Information: 10th {A}nniversary {E}dition},
    publisher={Cambridge University Press},
    author={Nielsen, Michael A. and Chuang, Isaac L.},
    year={2010}
}

@mastersthesis{tfm,
  author  = {Pablo Manrique},
  title   = {{C}omputaci칩n {C}u치ntica: formalizaci칩n y demostraci칩n en {I}sabelle},
  school  = {Universidad de Sevilla},
  year    = {2024}
}
