%% This BibTeX bibliography file was created using BibDesk.
%% https://bibdesk.sourceforge.io/

%% Created for Larry Paulson at 2025-05-15 14:39:22 +0100 


%% Saved with string encoding Unicode (UTF-8) 



@book{apostol-modular-functions,
	author = {Tom M. Apostol},
	date-added = {2025-05-15 14:39:00 +0100},
	date-modified = {2025-05-15 14:39:00 +0100},
	publisher = {Springer},
	title = {Modular Functions and Dirichlet Series in Number Theory},
	year = {1990}}
