@book{klenke2020,
  title={Probability theory: a comprehensive course},
  author={Klenke, Achim},
  year={2020},
  publisher={Springer Science \& Business Media}
}
