@article{BlumK99,
  author       = {Norbert Blum and
                  Robert Koch},
  title        = {Greibach Normal Form Transformation Revisited},
  journal      = {Inf. Comput.},
  volume       = {150},
  number       = {1},
  pages        = {112--118},
  year         = {1999},
  url          = {https://doi.org/10.1006/inco.1998.2772},
}

@article{Greibach,
  author       = {Sheila A. Greibach},
  title        = {A New Normal-Form Theorem for Context-Free Phrase Structure Grammars},
  journal      = {J. {ACM}},
  volume       = {12},
  number       = {1},
  pages        = {42--52},
  year         = {1965},
  url          = {https://doi.org/10.1145/321250.321254},
}

@book{HopcroftU79,
  author       = {John E. Hopcroft and
                  Jeffrey D. Ullman},
  title        = {Introduction to Automata Theory, Languages and Computation},
  publisher    = {Addison-Wesley},
  year         = {1979},
  isbn         = {0-201-02988-X},
}

