@article{Sato_Katsumata_2023,
  title={Divergences on monads for relational program logics},
  volume={33},
  DOI={10.1017/S0960129523000245},
  number={4–5},
  journal={Mathematical Structures in Computer Science},
  author={Sato, Tetsuya and Katsumata, Shin{-}ya},
  year={2023},
  pages={427–-485}
}