@book{ramakrishnan2003database,
author = {Ramakrishnan, Raghu and Gehrke, Johannes},
title = {Database Management Systems},
year = {2003},
month = {January},
publisher = {McGraw-Hill Higher Education},
url = {https://www.microsoft.com/en-us/research/publication/database-management-systems/},
isbn = {0-07-2465363-8},
edition = {3rd},
}