@misc{manuscript,
    author = {Jonas Bayer and Marco David and Malte Ha{\ss}ler and Dierk Schleicher and Yuri Matiyavsevich},
    title = {{Diophantine Equations over $\mathbb{Z}$: Universal Bounds and Parallel Formalization}},
    year={2025},
    eprint={2506.20909},
    archivePrefix={arXiv},
    primaryClass={math.NT},
    note={\url{https://arxiv.org/abs/2506.20909}}, 
}

@inproceedings{itp-paper,
  title={{A Formal Proof of Complexity Bounds on Diophantine Equations}}, 
  author={Jonas Bayer and Marco David},
  booktitle = {Proceedings of the 16th International Conference on Interactive Theorem Proving (ITP 2025)},
  series    = {Leibniz International Proceedings in Informatics (LIPIcs)},
  year={2025},
  note      = {To appear.},
}

@article{afp-digit-expansions,
  author  = {Jonas Bayer and Marco David and Abhik Pal and Benedikt Stock},
  title   = {Digit Expansions},
  journal = {Archive of Formal Proofs},
  month   = {April},
  year    = {2022},
  note    = {\url{https://isa-afp.org/entries/Digit_Expansions.html},
             Formal proof development},
  ISSN    = {2150-914x},
}

@article{afp-pell,
  author  = {Manuel Eberl},
  title   = {Pell's Equation},
  journal = {Archive of Formal Proofs},
  month   = {June},
  year    = {2018},
  note    = {\url{https://isa-afp.org/entries/Pell.html},
             Formal proof development},
  ISSN    = {2150-914x},
}

@article {exp-diophantine,
    AUTHOR = {Matiyasevich, Yuri},
     TITLE = {The {D}iophantineness of enumerable sets},
   JOURNAL = {Dokl. Akad. Nauk SSSR},
  FJOURNAL = {Doklady Akademii Nauk SSSR},
    VOLUME = {191},
      YEAR = {1970},
     PAGES = {279--282},
      ISSN = {0002-3264},
   MRCLASS = {10.10 (02.00)},
  MRNUMBER = {258744},
MRREVIEWER = {J.\ W. S. Cassels},
}

@article{hilbert-problems,
  author = {Hilbert, David},
  title = {{Mathematische Probleme}},
  journal = {Archiv der Mathematik und Physik},
  series = {3rd series},
  volume = {1},
  pages = {44--63, 213--247},
  year = {1901},
  language = {German}
}

@incollection{DPRM,
  author = {Yuri Matiyasevich},
  title = {Hilbert's {T}enth {P}roblem: a two-way bridge between number theory and computer science},
  booktitle = {People and ideas in theoretical computer science},
  editor = {C. S. Calude},
  series = {Springer Ser. Discrete Math. Theor. Comput. Sci.},
  publisher = {Springer},
  address = {Singapore},
  year = {1999},
  pages = {177--204}
}

@book{matiyasevich-book,
  title={Hilbert's {T}enth {P}roblem},
  author={Yuri Matiyasevich},
  isbn={9780262132954},
  lccn={lc93028107},
  series={Foundations of Computing Series},
  year={1993},
  publisher={MIT Press}
}

@Inbook{M77,
author="Yuri Matiyasevich",
title="Some Purely Mathematical Results Inspired by Mathematical Logic",
bookTitle="Logic, Foundations of Mathematics, and Computability Theory: Part One of the Proceedings of the Fifth International Congress of Logic, Methodology and Philosophy of Science, London, Ontario, Canada-1975",
year="1977",
publisher="Springer Netherlands",
address="Dordrecht",
pages="121--127",
isbn="978-94-010-1138-9",
doi="10.1007/978-94-010-1138-9_7",
}
% editor="Butts, Robert E. and Hintikka, Jaakko",
% url="https://doi.org/10.1007/978-94-010-1138-9_7"

@article{MR75,
  author = {Yuri Matiyasevich and Julia Robinson},
  title = {Reduction of an arbitrary {D}iophantine equation to one in 13 unknowns},
  journal = {Acta Arithmetica},
  volume = {27},
  year = {1975},
  pages = {521--553}
}

@article{SunDFI,
  author = {Zhi-Wei Sun},
  title = {Reduction of Unknowns in {D}iophantine Representations},
  journal = {Science in China Series A},
  volume = {35},
  number = {3},
  year = {1992},
  pages = {257--269}
}

@article{Sun,
  author = {Zhi-Wei Sun},
  title = {Further Results on {H}ilbert's {T}enth {P}roblem},
  journal = {Science China Math},
  volume = {64},
  number = {2},
  year = {2021},
  pages = {281--306}
}

@article{three-squares-afp,
  author  = {Anna Danilkin and Loïc Chevalier},
  title   = {{Three Squares Theorem}},
  journal = {Archive of Formal Proofs},
  year    = {2023},
  note    = {\url{https://isa-afp.org/entries/Three_Squares.html},
             Formal proof development},
  ISSN    = {2150-914x},
}

@article{polynomials-afp,
  author  = {Christian Sternagel and René Thiemann and Alexander Maletzky and Fabian Immler and Florian Haftmann and Andreas Lochbihler and Alexander Bentkamp},
  title   = {Executable Multivariate Polynomials},
  journal = {Archive of Formal Proofs},
  year    = {2010},
  note    = {\url{https://isa-afp.org/entries/Polynomials.html},
             Formal proof development},
  ISSN    = {2150-914x},
}
