@article{Paulson,
  author  = {Lawrence C. Paulson},
  title   = {Finite Automata in Hereditarily Finite Set Theory},
  journal = {Archive of Formal Proofs},
  month   = {February},
  year    = {2015},
  note    = {\url{https://isa-afp.org/entries/Finite_Automata_HF.html},
             Formal proof development},
  ISSN    = {2150-914x},
}

@book{Kozen,
  author       = {Dexter Kozen},
  title        = {Automata and computability},
  series       = {Undergraduate texts in computer science},
  publisher    = {Springer},
  year         = {1997},
}
