@inproceedings{DBLP:conf/ifm/ElwingGSTWR23,
  author       = {Jenna Elwing and
                  Laura Gamboa{-}Guzman and
                  Jeremy Sorkin and
                  Chiara Travesset and
                  Zili Wang and
                  Kristin Yvonne Rozier},
  title        = {Mission-Time {LTL} {(MLTL)} Formula Validation via Regular Expressions},
  booktitle    = {iFM},
  pages        = {279--301},
  year         = {2023},
  crossref     = {DBLP:conf/ifm/2023},
  url          = {https://doi.org/10.1007/978-3-031-47705-8\_15},
  doi          = {10.1007/978-3-031-47705-8\_15},
  timestamp    = {Tue, 28 Nov 2023 20:06:09 +0100},
  biburl       = {https://dblp.org/rec/conf/ifm/ElwingGSTWR23.bib},
  bibsource    = {dblp computer science bibliography, https://dblp.org}
}
@proceedings{DBLP:conf/ifm/2023,
  editor       = {Paula Herber and
                  Anton Wijs},
  title        = {iFM 2023 - 18th International Conference, iFM 2023, Leiden, The Netherlands,
                  November 13-15, 2023, Proceedings},
  series       = {LNCS},
  volume       = {14300},
  publisher    = {Springer},
  year         = {2024},
  url          = {https://doi.org/10.1007/978-3-031-47705-8},
  doi          = {10.1007/978-3-031-47705-8},
  isbn         = {978-3-031-47704-1},
  timestamp    = {Thu, 11 Jul 2024 17:34:18 +0200},
  biburl       = {https://dblp.org/rec/conf/ifm/2023.bib},
  bibsource    = {dblp computer science bibliography, https://dblp.org}
}

@unpublished{WEST2024tool,
  title = {{WEST: Interactive Validation of Mission-time Linear Temporal Logic (MLTL)}},
  year = {2024},
  author = {Zili Wang and Laura P. Gamboa-Guzman and Kristin Y. Rozier},
  url = {https://temporallogic.org/research/WEST/}
}