@incollection{ChomskyS,
author = {N. Chomsky and M.P. Sch√ºtzenberger},
title = {The Algebraic Theory of Context-Free Languages},
editor = {P. Braffort and D. Hirschberg},
series = {Studies in Logic and the Foundations of Mathematics},
publisher = {Elsevier},
volume = {26},
pages = {118-161},
year = {1959},
booktitle = {Computer Programming and Formal Systems},
doi = {https://doi.org/10.1016/S0049-237X(09)70104-1},
url = {https://www.sciencedirect.com/science/article/pii/S0049237X09701041},
}

@book{Kozen,
  author       = {Dexter Kozen},
  title        = {Automata and computability},
  series       = {Undergraduate texts in computer science},
  publisher    = {Springer},
  year         = {1997},
  isbn         = {978-0-387-94907-9},
  timestamp    = {Tue, 26 Apr 2011 17:21:44 +0200},
  biburl       = {https://dblp.org/rec/books/daglib/0088160.bib},
  bibsource    = {dblp computer science bibliography, https://dblp.org}
}
