@article{andrews1965,
  title = {A simple proof of {J}acobi’s triple product identity},
  volume = {16},
  ISSN = {1088-6826},
  url = {https://dx.doi.org/10.1090/S0002-9939-1965-0171725-X},
  DOI = {10.1090/s0002-9939-1965-0171725-x},
  number = {2},
  journal = {Proceedings of the American Mathematical Society},
  publisher = {American Mathematical Society},
  author = {Andrews,  George E.},
  year = {1965},
  month = apr,
  pages = {333–334}
}

@book{bellman1961,
  title={A Brief Introduction to Theta Functions},
  author={Bellman, Richard},
  lccn={61007850},
  series={Athena series},
  year={1961},
  publisher={Holt, Rinehart and Winston}
}

@book{berndt1991,
  title = {{R}amanujan’s Notebooks},
  ISBN = {9781461209652},
  url = {https://dx.doi.org/10.1007/978-1-4612-0965-2},
  DOI = {10.1007/978-1-4612-0965-2},
  publisher = {Springer New York},
  author = {Berndt, Bruce C.},
  year = {1991}
}