@STRING{pub-springer={Springer} }
@STRING{pub-springer:adr="" }
@STRING{s-lncs	= "LNCS" }
﻿@STRING{pub-ieee= "IEEE" }
﻿@STRING{pub-ieee:adr= "IEEE" }
﻿@STRING{pub-acm= "ACM" }
﻿@STRING{j-cacm= "CACM" }
﻿@STRING{proc= "" }
﻿@STRING{pub-elsevier= "Elsevier" }
﻿@STRING{proc= "" }
﻿@STRING{proc= "" }
﻿@STRING{proc= "" }
﻿@STRING{j-tosem= "" }
﻿@STRING{pub-acm:adr= "" }


% $Id: fmde.bib 6539 2010-01-29 10:33:20Z brucker $

@article{Triangle-AFP,
  author  = {Manuel Eberl},
  title   = {Basic Geometric Properties of Triangles},
  journal = {Archive of Formal Proofs},
  month   = {December},
  year    = {2015},
  note    = {\url{https://isa-afp.org/entries/Triangle.html},
             Formal proof development},
  ISSN    = {2150-914x},
}

@article{source1,
  author = {Alain Connes's Morley proof},
  note ={http://denisevellachemla.eu/Alain-Connes-Theoreme-Morley.pdf}
} 

@article{source3,
author = {Wiedijk’s catalogue ”Formalizing 100 Theorems”},
note={https://www.cs.ru.nl/~freek/100/, It appears at position 121 ...}
}