@book{bellman1961,
  title={A Brief Introduction to Theta Functions},
  author={Bellman, Richard},
  lccn={61007850},
  series={Athena series},
  year={1961},
  publisher={Holt, Rinehart and Winston}
}

@book{andrews1999,
  title={Special Functions},
  author={Andrews, G.E. and Askey, R. and Roy, R.},
  isbn={9780521789882},
  lccn={98025757},
  series={Encyclopedia of Mathematics and its Applications},
  year={1999},
  publisher={Cambridge University Press}
}

@book{andrews2004,
  title={Integer Partitions},
  author={Andrews, G.E. and Eriksson, K.},
  isbn={9780521841184},
  lccn={2003069732},
  year={2004},
  publisher={Cambridge University Press}
}