@book{kraus,
   title =     {States, effects, and operations: fundamental notions of quantum theory},
   author =    {Karl Kraus},
   publisher = {Springer},
   isbn =      {0387127321},
   year =      {1983},
   series =    {LNP},
   volume = {190},
   url =       {libgen.li/file.php?md5=8478d5def6e7531f488073b26ac1c7a7},
   note = {Defines Kraus maps in Section 3, Theorem 1. Only considers separable Hilbert spaces.}
}
