%% This BibTeX bibliography file was created using BibDesk.
%% http://bibdesk.sourceforge.net/


%% Created for Larry Paulson at 2013-06-24 10:24:47 +0100 


%% Saved with string encoding Western (Windows Latin 1) 



@book{goedel-I,
	Booktitle = {{Kurt G\"odel}: Collected Works},
	Date-Added = {2013-06-24 09:15:48 +0000},
	Date-Modified = {2013-06-24 09:15:48 +0000},
	Editor = {S. Feferman and others},
	Publisher = {Oxford University Press},
	Title = {{Kurt G\"odel}: Collected Works},
	Volume = {I},
	Year = {1986}}

@book{boolos-provability,
	Author = {George Stephen Boolos},
	Booktitle = {The Logic of Provability},
	Date-Added = {2013-06-24 09:12:14 +0000},
	Date-Modified = {2013-06-24 09:12:14 +0000},
	Publisher = {Cambridge University Press},
	Title = {The Logic of Provability},
	Year = {1993}}

@article{swierczkowski-finite,
	Author = {S. {\'S}wierczkowski},
	Date-Added = {2013-06-24 09:12:03 +0000},
	Date-Modified = {2013-06-24 09:12:03 +0000},
	Doi = {10.4064/dm422-0-1},
	Journal = {Dis\-ser\-ta\-tiones Math\-e\-ma\-ti\-cae},
	Note = {\url{http://journals.impan.gov.pl/dm/Inf/422-0-1.html}},
	Pages = {1-58},
	Title = {Finite sets and {G{\"o}del's} incompleteness theorems},
	Url = {http://journals.impan.gov.pl/dm/Inf/422-0-1.html},
	Volume = {422},
	Year = {2003},
	Bdsk-Url-1 = {http://journals.impan.gov.pl/dm/Inf/422-0-1.html},
	Bdsk-Url-2 = {https://doi.org/10.4064/dm422-0-1}}

@article{kirby-addition,
	Author = {Kirby, Laurence},
	Date-Added = {2013-06-24 09:11:53 +0000},
	Date-Modified = {2013-06-24 09:11:53 +0000},
	Doi = {10.1002/malq.200610026},
	Issn = {1521-3870},
	Journal = {Mathematical Logic Quarterly},
	Keywords = {Ordinal arithmetic, adduction, finite set theory},
	Number = {1},
	Pages = {52-65},
	Publisher = {Wiley},
	Title = {Addition and multiplication of sets},
	Url = {https://doi.org/10.1002/malq.200610026},
	Volume = {53},
	Year = {2007},
	Bdsk-Url-1 = {https://doi.org/10.1002/malq.200610026}}
	
@article{paulson_goed,
	  author       = {Lawrence C. Paulson},
	  title        = {{A Mechanised Proof of G{\"{o}}del's Incompleteness Theorems Using
		          Nominal Isabelle}},
	  journal      = {Journal of Automated Reasoning},
	  volume       = {55},
	  number       = {1},
	  pages        = {1--37},
	  year         = {2015},
	  doi          = {10.1007/S10817-015-9322-8},
	  timestamp    = {Wed, 02 Sep 2020 13:29:38 +0200},
	  biburl       = {https://dblp.org/rec/journals/jar/Paulson15.bib},
	  bibsource    = {dblp computer science bibliography, https://dblp.org}
}

@article{paulson_companion,
	author       = {Paulson, Lawrence C.},
	title        = {{A Machine-Assisted Proof of Gödel's Incompleteness theorems
	for the Theory of Hereditarily Finite Sets}},
	journal      = {The Review of Symbolic Logic},
	volume       = {7},
	number       = {3},
	pages        = {484--498},
	year         = {2014},
	doi          = {10.1017/S1755020314000112},
	biburl       = {https://dblp.org/rec/journals/rsl/Paulson14.bib},
	bibsource    = {dblp computer science bibliography, https://dblp.org}
}

@masterthesis{bailitis2024,
	author = {Bailitis, Janis},
	title = {{L\"{o}b's Theorem and Provability Predicates in Coq}},
	year = {2024},
	school = {Saarland University},
	type={Bachelor's thesis},
	note = {Bachelor's thesis},
	URL = {https://www.ps.uni-saarland.de/~bailitis/bachelor.php},
}

@article{loeb1955,
	author       = {Martin H. Löb},
	title        = {{Solution of a Problem of Leon Henkin}},
	journal      = {The Journal of Symbolic Logic},
	volume       = {20},
	number       = {2},
	pages        = {115--118},
	year         = {1955},
	doi          = {10.2307/2266895},
	timestamp    = {Sun, 28 May 2017 13:21:51 +0200},
	biburl       = {https://dblp.org/rec/journals/jsyml/Lob55.bib},
	bibsource    = {dblp computer science bibliography, https://dblp.org}
}

@book{hilbert1939, 
	author = {Hilbert, David and Bernays, Paul}, 
	title = {{Grundlagen der Mathematik}}, 
	publisher = {Springer}, 
	year = {1939},
	volume = {2}, 
	address = {Berlin},
	edition = {1st},
}

@book{smith2020,
	title	= "An Introduction to Gödel's Theorems",
	author	= "Smith, Peter",
	publisher = "Logic Matters, Cambridge",
	edition = "2nd",
	URL = "https://www.logicmatters.net/resources/pdfs/godelbook/GodelBookLM.pdf",
	year	= 2020
}

@article{goedel1931,
	author = {Gödel, Kurt},
	journal = {Monatshefte für Mathematik},
	number = {1},
	pages = {173--198},
	publisher = {Springer},
	title = {Über formal unentscheidbare {S}ätze der {P}rincipia {M}athematica und verwandter {S}ysteme {I}},
	volume = {38},
	year = {1931}
}	
