@article{Aaronson_Ellis_Leader,author={James Aaronson and David Ellis and Imre Leader},
title="A Note on Transitive Union-Closed Families",
publisher={The Electronic Journal of Combinatorics},
volume={28(2)},
year={2021},
note={doi\url{https://doi.org/10.37236/9956}}}
