@article{HalkSyntComp,
  author =   {Asta Halkj\ae{}r From},
  title =    {Synthetic Completeness},
  journal =  {Archive of Formal Proofs},
  month =    {January},
  year =     {2023},
  note =     {\url{https://www.isa-afp.org/entries/Synthetic_Completeness.html}, Formal proof development},
  ISSN =     {2150-914x}
}

@misc{burrieza2025metamodallogicbisimulations,
      title={A meta-modal logic for bisimulations}, 
      author={Alfredo Burrieza and Fernando Soler-Toscano and Antonio Yuste-Ginel},
      year={2025},
      eprint={2507.15117},
      archivePrefix={arXiv},
      primaryClass={cs.LO},
      note = {\url{https://arxiv.org/abs/2507.15117}},
      url={https://arxiv.org/abs/2507.15117}, 
}
