@inproceedings{chakraborty2022,
  author       = {Sourav Chakraborty and
                  N. V. Vinodchandran and
                  Kuldeep S. Meel},
  editor       = {Shiri Chechik and
                  Gonzalo Navarro and
                  Eva Rotenberg and
                  Grzegorz Herman},
  title        = {Distinct Elements in Streams: An Algorithm for the (Text) Book},
  booktitle    = {ESA},
  series       = {LIPIcs},
  volume       = {244},
  pages        = {34:1--34:6},
  publisher    = {Schloss Dagstuhl - Leibniz-Zentrum f{\"{u}}r Informatik},
  year         = {2022},
  skipurl          = {https://doi.org/10.4230/LIPIcs.ESA.2022.34},
  doi          = {10.4230/LIPICS.ESA.2022.34},
  timestamp    = {Wed, 21 Aug 2024 22:46:00 +0200},
  biburl       = {https://dblp.org/rec/conf/esa/0001VM22.bib},
  bibsource    = {dblp computer science bibliography, https://dblp.org}
}

@article{dubhashi1996,
  title={Negative dependence through the FKG Inequality},
  author={Devdatt P. Dubhashi and Volker Priebe and Desh Ranjan},
  journal={BRICS Report Series},
  year={1996},
  volume={3},
  doi={10.7146/BRICS.V3I27.20008},
}

@article{Negative_Association-AFP,
  author  = {Emin Karayel},
  title   = {Negatively Associated Random Variables},
  journal = {Archive of Formal Proofs},
  month   = {January},
  year    = {2025},
  note    = {\url{https://isa-afp.org/entries/Negative_Association.html},
             Formal proof development},
  ISSN    = {2150-914x},
}