@inproceedings{LR18,
  author       = {Jianwen Li and
                  Kristin Y. Rozier},
  editor       = {Christian Colombo and
                  Martin Leucker},
  title        = {{MLTL} Benchmark Generation via Formula Progression},
  booktitle    = {RV},
  series       = {LNCS},
  volume       = {11237},
  pages        = {426--433},
  publisher    = {Springer},
  year         = {2018},
  url          = {https://doi.org/10.1007/978-3-030-03769-7\_25},
  doi          = {10.1007/978-3-030-03769-7\_25},
  timestamp    = {Sat, 12 Jun 2021 11:01:04 +0200},
  biburl       = {https://dblp.org/rec/conf/rv/LiR18.bib},
  bibsource    = {dblp computer science bibliography, https://dblp.org}
}

@misc{RR25,
author = {Alec Rosentrater and Kristin Yvonne Rozier},
title = {{FPROGG}:\@ {A} Formula Progression-Based {MLTL} Benchmark Generator },
year = {2025},
howpublished = {To appear; emailed to authors},
}