@book{
  LMSST3,
  author={J.\ W.\ S.\ Cassels},
  title={Local Fields},
  publisher={Cambridge University Press},
  series={London Mathematical Society Student Texts},
  volume={3},
  year={1986}
}

@book{
  DummitFoote,
  author={David S.\ Dummit and Richard M.\ Foote},
  title={Abstract Algebra},
  edition={3rd},
  publisher={Wiley},
  year={2004}
}

@book{
  Munkres,
  author={James R.\ Munkres},
  title={Topology},
  publisher={Prentice Hall},
  year={1975},
  edition={2nd}
}
