
@inproceedings{abdulla2014infinite,
  title={Infinite-state energy games},
  author = {Abdulla, Parosh Aziz and Atig, Mohamed Faouzi and Hofman, Piotr and Mayr, Richard and Kumar, K. Narayan and Totzke, Patrick},
  booktitle={Computer Science Logic (CSL) and Logic in Computer Science (LICS)},
  pages={1--10},
  year={2014},
  publisher = {Association for Computing Machinery},
  doi = {10.1145/2603088.2603100}
}

@inproceedings{parity-dec,
  title={Solving parity games on integer vectors},
  author="Abdulla, Parosh Aziz and Mayr, Richard and Sangnier, Arnaud and Sproston, Jeremy",
  booktitle={Concurrency Theory (CONCUR)},
  pages={106--120},
  year={2013},
  series = "Lecture Notes in Computer Science",
volume = 8052,
  publisher="Springer Berlin Heidelberg",
  doi="10.1007/978-3-642-40184-8_9"
}


@inproceedings{bens-algo,
  title={Process equivalence problems as energy games},
  author="Bisping, Benjamin",
  booktitle={Computer Aided Verification (CAV)},
  pages={85--106},
  year={2023},
volume = 13964,
series = "Lecture Notes in Computer Science",
  publisher="Springer Nature Switzerland",
  doi="10.1007/978-3-031-37706-8_5"
}

@Inproceedings{specgame,
  author={Bisping, Benjamin and Jansen, David N.},
  year      = {2024},
  title     = {One energy game for the spectrum between branching bisimilarity and weak trace semantics},
  booktitle = {Expressiveness in Concurrency (EXPRESS) and Structural Operational Semantics (SOS)},
  series    = {Electronic Proceedings in Theoretical Computer Science},
  volume    = {412},
  publisher = {Open Publishing Association},
  pages     = {71-88},
  doi       = {10.4204/EPTCS.412.6},
}


@article{bispingJansenNestmann,
  title={Deciding all behavioral equivalences at once: A game for linear-time-branching-time spectroscopy},
  author={Bisping, Benjamin and Jansen, David N. and Nestmann, Uwe},
  journal={Logical Methods in Computer Science},
  volume={18},
  number = "3",
  year={2022},
  publisher={Episciences. org},
  doi = "10.46298/lmcs-18(3:19)2022"
} 

@inproceedings{bispingNestmann,
  title={A game for linear-time--branching-time spectroscopy},
  author={Bisping, Benjamin and Nestmann, Uwe},
  booktitle={Tools and Algorithms for the Construction and Analysis of Systems (TACAS)},
  pages={3--19},
  year={2021},
volume = 12651,
series = "Lecture Notes in Computer Science",
  publisher="Springer International Publishing",
  doi = {10.1007/978-3-030-72016-2_1}
}

@inproceedings{lexicograph,
  title={Multi-weighted reachability games},
  author={Brihaye, Thomas and Goeminne, Aline},
  booktitle={Reachability Problems},
  pages={85--97},
  year={2023},
  volume = 14235,
  series = "Lecture Notes in Computer Science",
  publisher="Springer Nature Switzerland",
  adress="Cham",
  doi ="10.1007/978-3-031-45286-4_7",
}

@article{kunnemann2023coverability,
  title={Coverability in VASS Revisited: Improving Rackoff’s Bound to Obtain Conditional Optimality},
  author={K{\"u}nnemann, Marvin and Mazowiecki, Filip and Sch{\"u}tze, Lia and Sinclair-Banks, Henry and W{\k{e}}grzycki, Karol},
  booktitle =	{50th International Colloquium on Automata, Languages, and Programming (ICALP 2023)},
  pages =	{131:1--131:20},
  series =	{Leibniz International Proceedings in Informatics (LIPIcs)},
  year =	{2023},
  volume =	{261},
  publisher =	{Schloss Dagstuhl -- Leibniz-Zentrum f{\"u}r Informatik},
  address =	{Dagstuhl, Germany},
  doi =		{10.4230/LIPIcs.ICALP.2023.131},
}

@inproceedings{generalized-energy-games,
  title={Generalized mean-payoff and energy games},
  author =	{Chatterjee, Krishnendu and Doyen, Laurent and Henzinger, Thomas A. and Raskin, Jean-Fran\c{c}ois},
  booktitle =	{Foundations of Software Technology and Theoretical Computer Science (FSTTCS)},
  pages =	{505--516},
  series =	{Leibniz International Proceedings in Informatics (LIPIcs)},
  volume =	{8},
  doi =		{10.4230/LIPIcs.FSTTCS.2010.505},
  publisher =	{Schloss Dagstuhl -- Leibniz-Zentrum f{\"u}r Informatik},
  year={2010}
}

@article{galois,
author = {Erné, Marcel and Koslowski, Jürgen and Melton, Austin and Strecker, George E.},
title = {A Primer on Galois Connections},
journal = {Annals of the New York Academy of Sciences},
volume = {704},
number = {1},
pages = {103-125},
doi = {10.1111/j.1749-6632.1993.tb52513.x},
year = {1993}
}

@InProceedings{vanGlabbeek,
author="van Glabbeek, Rob J.",
editor="Baeten, J. C. M.
and Klop, J. W.",
title="The linear time - branching time spectrum",
booktitle="Theories of Concurrency: Unification and Extension (CONCUR)",
year="1990",
  series	= {Lecture Notes in Computer Science},
  volume	= 458,
publisher="Springer Berlin Heidelberg",
doi="10.1007/BFb0039066",
pages="278--297",
}

@article{stirling-bisim,
  title={Bisimulation, modal logic and model checking games},
  author={Stirling, Colin},
  journal={Logic Journal of IGPL},
  volume={7},
  number={1},
  pages={103--124},
  year={1999},
  publisher={Oxford University Press},
  doi={10.1093/jigpal/7.1.103}
} 

@mastersthesis{Lemke2024,
  author = {Caroline Lemke},
  year = {2024},
  title = {A Formal Proof of Decidability of Multi-weighted Declining Energy Games},
  type = {Master's Thesis},
  school = {Tech\-ni\-sche Uni\-ver\-si\-t\"at Berlin},
  url = {https://github.com/crmrtz/galois-energy-games}
}

@misc{preprint,
      title={Galois Energy Games: To Solve All Kinds of Quantitative Reachability Problems}, 
      author={Caroline Lemke and Benjamin Bisping},
      year={2025},
      doi={10.48550/arXiv.2505.14691}
}