@inproceedings{CeTA,
  author    = {R.~Thiemann and C.~Sternagel},
  title     = {Certification of Termination Proofs using \ceta},
  booktitle = {Proc.\ TPHOLs'09},
  series    = {LNCS},
  volume    = {5674},
  year      = 2009,
  pages     = {452--468}
}

