@book{ungar-analytic,
  author    = {Abraham A. Ungar},
  title     = {{A}nalytic {H}yperbolic {G}eometry: {M}athematical {F}oundations and {A}pplications},
  publisher = {World Scientific},
  year      = {2005},
  doi       = {10.1142/5914},
  isbn      = {978-981-256-457-3},
  address   = {Singapore},
  url       = {https://www.worldscientific.com/doi/abs/10.1142/5914},
  eprint    = {https://www.worldscientific.com/doi/pdf/10.1142/5914}
}
