@inproceedings{hnp,
  author       = {Dan Boneh and
                  Ramarathnam Venkatesan},
  editor       = {Neal Koblitz},
  title        = {Hardness of Computing the Most Significant Bits of Secret Keys in
                  {D}iffie-{H}ellman and Related Schemes},
  booktitle    = {CRYPTO},
  series       = {LNCS},
  volume       = {1109},
  pages        = {129--142},
  publisher    = {Springer},
  year         = {1996},
  url          = {https://doi.org/10.1007/3-540-68697-5_11},
  doi          = {10.1007/3-540-68697-5_11},
  timestamp    = {Tue, 14 May 2019 10:00:48 +0200},
  biburl       = {https://dblp.org/rec/conf/crypto/BonehV96.bib},
  bibsource    = {dblp computer science bibliography, https://dblp.org}
}

@article{DBLP:journals/combinatorica/Babai86,
  author       = {L{\'{a}}szl{\'{o}} Babai},
  title        = {On {L}ov{\'{a}}sz' lattice reduction and the nearest lattice point
                  problem},
  journal      = {Comb.},
  volume       = {6},
  number       = {1},
  pages        = {1--13},
  year         = {1986},
  url          = {https://doi.org/10.1007/BF02579403},
  doi          = {10.1007/BF02579403},
  timestamp    = {Sat, 30 Sep 2023 10:07:15 +0200},
  biburl       = {https://dblp.org/rec/journals/combinatorica/Babai86.bib},
  bibsource    = {dblp computer science bibliography, https://dblp.org}
}

@article{LLL,
author = {Lenstra, Arjen and Lenstra, Hendrik and László, Lovász},
year = {1982},
month = {12},
pages = {},
title = {Factoring Polynomials with Rational Coefficients},
volume = {261},
journal = {Mathematische Annalen},
doi = {10.1007/BF01457454}
}

@article{LLL_Factorization-AFP,
  author  = {Jose Divasón and Sebastiaan J. C. Joosten and René Thiemann and Akihisa Yamada},
  title   = {A {V}erified {F}actorization {A}lgorithm for {I}nteger {P}olynomials with {P}olynomial {C}omplexity},
  journal = {Archive of Formal Proofs},
  month   = {February},
  year    = {2018},
  note    = {\url{https://isa-afp.org/entries/LLL_Factorization.html},
             Formal proof development},
  ISSN    = {2150-914x},
}

@inproceedings{LLL_formalized_1,
  author       = {Ralph Bottesch and
                  Max W. Haslbeck and
                  Ren{\'{e}} Thiemann},
  editor       = {Gilles Barthe and
                  Geoff Sutcliffe and
                  Margus Veanes},
  title        = {A Verified Efficient Implementation of the {LLL} Basis Reduction Algorithm},
  booktitle    = {LPAR},
  series       = {EPiC Series in Computing},
  volume       = {57},
  pages        = {164--180},
  publisher    = {EasyChair},
  year         = {2018},
  skipurl          = {https://doi.org/10.29007/xwwh},
  doi          = {10.29007/XWWH},
  timestamp    = {Thu, 23 Sep 2021 11:48:17 +0200},
  biburl       = {https://dblp.org/rec/conf/lpar/BotteschHT18.bib},
  bibsource    = {dblp computer science bibliography, https://dblp.org}
}

@article{LLL_formalized_2,
  author       = {Ren{\'{e}} Thiemann and
                  Ralph Bottesch and
                  Jose Divas{\'{o}}n and
                  Max W. Haslbeck and
                  Sebastiaan J. C. Joosten and
                  Akihisa Yamada},
  title        = {Formalizing the {LLL} Basis Reduction Algorithm and the {LLL} Factorization
                  Algorithm in {I}sabelle/{HOL}},
  journal      = {J. Autom. Reason.},
  volume       = {64},
  number       = {5},
  pages        = {827--856},
  year         = {2020},
  skipurl          = {https://doi.org/10.1007/s10817-020-09552-1},
  doi          = {10.1007/S10817-020-09552-1},
  timestamp    = {Fri, 14 May 2021 08:32:56 +0200},
  biburl       = {https://dblp.org/rec/journals/jar/ThiemannBDHJY20.bib},
  bibsource    = {dblp computer science bibliography, https://dblp.org}
}