@book{andrews2004,
  title={Integer Partitions},
  author={Andrews, G.E. and Eriksson, K.},
  isbn={9780521841184},
  lccn={2003069732},
  year={2004},
  publisher={Cambridge University Press}
}